@article{kurt2012,
    title={Overview of the four main programming paradigms},
	author={Normark, Kurt},
	journal={ACM SIGSOFT Software Engineering Notes},
	year={2012},
	}

@article{Frans2012,
	title={Characteristics of declarative programming languages},
	author={Frans Coenen},
	year={2014},
	}

@article{clarke2006historical,
	title={A historical perspective on runtime assertion checking in software development},
	author={Clarke, Lori A and Rosenblum, David S},
	journal={ACM SIGSOFT Software Engineering Notes},
	volume={31},
	number={3},
	pages={25--37},
	year={2006},
	publisher={ACM}
	}
	
@article{hoare2003assertions,
	title={Assertions: A personal perspective},
	author={Hoare, Charles Antony Richard},
	journal={IEEE Annals of the History of Computing},
	volume={25},
	number={2},
	pages={14--25},
	year={2003},
	publisher={IEEE}
	}
	
@article{kamp2012my,
    title={My compiler does not understand me},
	author={Kamp, Poul-Henning},
	journal={Communications of the ACM},
	volume={55},
	number={7},
	pages={51--53},
	year={2012},
	publisher={ACM}
	}
	
@article{lr1,
	title={Overview of the four main programming paradigms},
	author={Normark, Kurt},
	year={2012},
	publisher={Aalborg University}
	}
@article{lr2,
	title={Multi-Paradigm Programming Language},
	year={2013},
	publisher={developer.mozilla.org}
}
@article{lr3,
	title={Comparative Programming Languages},
	author={Robert G. Clark},
	year={2000},
}
@article{lr4,
	title={Multi-paradigm Declarative Languages},
	author={Michael Hanus},
	year={2007},
	publisher={Springer}
}
@article{lr5,
	title={A Comparative Study of Language Support for Generic Programming},
	author={Ronald Garcia, Jaakko Jarvi, Andrew Lumsdaine, Jeremy Siek, Jeremiah Willcock},
	year={2003},
	publisher={ResearchGate}
}
@inproceedings{Bruce,
	author = {Bruce, Kim B.},
	title = {Safe Type Checking in a Statically-typed Object-oriented Programming Language},
	booktitle = {Proceedings of the 20th ACM SIGPLAN-SIGACT Symposium on Principles of Programming Languages},
	year = {1993},
	location = {Charleston, South Carolina, USA},
	pages = {285--298},
	numpages = {14},
	url = {http://doi.acm.org/10.1145/158511.158650},
	publisher = {ACM},
	address = {New York, NY, USA},
}			
@article{Bodik:2000:AEA:358438.349342, Bod\'{\i}k, Rastislav and Gupta, Rajiv and Sarkar, Vivek,
	title = {ABCD: Eliminating Array Bounds Checks on Demand},
	v. 35, 321-333, May,2000,
	numpages = {13},
	url = {http://doi.acm.org/10.1145/358438.349342},
	publisher = {ACM},
	address = {New York, NY, USA},
}
@article{antov.
    author = {Antoy, Sergio and Hanus, Michael.},
    title = {Declarative Programming with Function Patterns.},
    journal = {in Logic Based Program Synthesis and Transformation,},
    pages = {6-22},
    year = {2006},
}

@article{AntovS,
    author = {Antoy, S.},
    title = {Evaluation Strategies for Functional Logic Programming},
    journal = {Journal of Symbolic Computation},
    pages = {875-903 },
    year = {2005},
}

@article{SenS,
    author = {Sen, S., Moha, N., Baudry, B., J�z�quel, J.M.},
    title = {Meta-model pruning},
    journal = {In: Proceedings of the 12th International Conference on Model Driven Engineering Languages and Systems (Models)},
    pages = {32-46},
    year = {2009},
    publisher = {Springer},
}

@article{Syriani,
    author = {Syriani, E.},
    title = {A multi-paradigm foundation for model transformation language engineering},
    year = {2011},
    publisher = {McGill University},
}

@article{PBIN,
    author = {P. Bhattacharya, I. Neamtiu},
    title = {Assessing programming language impact on development and maintenance: A study on C and C++},
    journal = {Proceedings of the 33rd International Conference on Software Engineering ser. ICSE},
    volume = {11},
    pages = {171-180},
    year = {2011},
}

@article{thung,
    author = {T. E. Bissyand, F. Thung, D. Lo, L. Jiang, L. Roeillre,}, title = {Popularity interoperability and impact of programming languages in 100000 open source projects},
    journal = {Proceedings of the 2013 IEEE 37th Annual Computer Software and Applications Conference ser. COMPSAC},
    volume = {13},
    pages = {302-312},
    year = {2013},
}
@article{ganther,
    author = {Ganther, S., Cleenewerck, T.},
    title = {design principles for internal domain-specific languages: a pattern catalog illustrated by Ruby},
    journal = {n: Proceedings of the 17th International Conference on Pattern Languages of Programs (PLoP'10)},
    year = {2010},
}

@article{wider,
    author = {George, L., Wider, A., Scheidgen, M.},
    title = {Type-safe model transformation languages as internal DSLs in scala},
    journal = {In: Proceedings of the 5th International Conference on Theory and Practice of Model Transformations (ICMT'12)},
    volume = {13},
    pages = {160-175},
    year = {2012},
}

@article{sarkar,
    author = {K. Ebcioglu, V. Sarkar, T. El-Ghazawi, J. Urbanic},
    title = {An experiment in measuring the productivity of three parallel programming languages},
    journal = {Proceedings of the Third Workshop on Productivity and Performance in High-End Computing ser. P-PHEC},
    volume = {6},
    pages = {30-37},
    year = {2006},
}

@article{ghezzi,
    author = {C. Ghezzi, M. Jazayeri},
    title = {Programming language concepts},
    year = {1997},
}

@article{hoch,
    author = {L. Hochstein, J. Carver, F. Shull, S. Asgari, V. Basili, J. K. Hollingsworth, M. V. Zelkowitz},
    title = {Parallel programmer productivity: A ca,se study of novice parallel programmers}
    journal = {Proceedings of the 2005 ACM/IEEE Conference on Supercomputing ser. SC},
    volume = {5},
    pages = {35-43},
    year = {2005},
}

@article{nanz,
    author = {S. Nanz, S. West, K. Soares da Silveira}
    title = {Examining the expert gap in parallel programming},
    journal = {Proceedings of the 19th European Conference on Parallel Processing (Euro-Par ' '13) ser. Lecture Notes in Computer Science},
    volume = {8097},
    pages = {434-445},
    year = {2013},
}

@article{pank,
    author = {V. Pankratius, F. Schmidt, G. Garretn,},
    title = {Combining functional and imperative programming for multicore software: An empirical study evaluating Scala and Java},
    journal = {Proceedings of the 2012 International Conference on Software Engineering ser. ICSE},
    volume = {12},
    pages = {123-133},
    year = {2012},
}

@article{prech,
    author = {L. Prechelt},
    title = {An empirical comparison of seven programming languages},
    journal = {IEEE Computer},
    volume = {33},
    pages = {23-29},
    year = {2000},
}

@article{WinNT,
    title = {{MS Windows NT} Kernel Description},
    howpublished = {\url{http://web.archive.org/web/20080207010024/http://www.808multimedia.com/winnt/kernel.htm}},
    note = {Accessed: 2010-09-30},
}